<?xml version="1.0" encoding="UTF-8"?><collection xmlns="http://www.loc.gov/MARC21/slim"><record><leader>00507nam--2200133-i-4500</leader><controlfield tag="001">000014163</controlfield><controlfield tag="002">20161230</controlfield><controlfield tag="005">20161230201030</controlfield><controlfield tag="008">060222s1000------------r-----000-0-eng-d</controlfield><datafield ind1=" " ind2=" " tag="245"><subfield code="a">Laser et applications industrielles. comptes r endus des conferences du 24 eme cours de l ass ociation vaudoise des chercheurs en physique. champoussin vs, 15-20 mars, 1982</subfield></datafield><datafield ind1=" " ind2=" " tag="260"><subfield code="a">Lausanne, Presses Polytechniques Romandes, 1982</subfield></datafield><datafield ind1=" " ind2=" " tag="490"><subfield code="a">Xii + 389 P</subfield></datafield><datafield ind1=" " ind2=" " tag="700"><subfield code="a">Bonjour, Christian, /S.A.</subfield></datafield><datafield ind1=" " ind2=" " tag="852"><subfield code="a">621.375.826(075.9)</subfield></datafield></record></collection>